
@article{XU2018101,
title = {Alternative estimation methods for identifying contagion effects in dynamic social networks: A latent-space adjusted approach},
journal = {Social Networks},
pages = {101-117},
year = {2018},
author = {Ran Xu},
} 
@article{123123,
author = {Hoff, Peter and Raftery, Adrian and Handcock, Mark},
year = {2002},
pages = {1090-1098},
title = {Latent Space Approaches to Social Network Analysis},
volume = {97},
journal = {Journal of the American Statistical Association},

}

@article{doi:10.1177/0049124111404820,
author = {Cosma Rohilla Shalizi and Andrew C. Thomas},
title ={Homophily and Contagion Are Generically Confounded in Observational Social Network Studies},
journal = {Sociological Methods \& Research},
volume = {40},
number = {2},
pages = {211-239},
year = {2011},
}
@inproceedings{wang2016structural,
  title={Structural deep network embedding},
  author={Wang, Daixin and Cui, Peng and Zhu, Wenwu},
  booktitle={Proceedings of the 22nd ACM SIGKDD international conference on Knowledge discovery and data mining},
  pages={1225--1234},
  year={2016}
}

@article{DBLP:journals/corr/GroverL16,
  author    = {Aditya Grover and
               Jure Leskovec},
  title     = {node2vec: Scalable Feature Learning for Networks},
  journal   = {CoRR},
  volume    = {abs/1607.00653},
  year      = {2016},
  eprinttype = {arXiv},
  eprint    = {1607.00653},
  timestamp = {Mon, 13 Aug 2018 16:48:14 +0200},}

@article{minhas2019inferential,
  title={Inferential approaches for network analysis: AMEN for latent factor models},
  author={Minhas, Shahryar and Hoff, Peter D and Ward, Michael D},
  journal={Political Analysis},
  volume={27},
  number={2},
  pages={208--222},
  year={2019},
  publisher={Cambridge University Press}
}
@article{article,
author = {Friedkin, Noah and Johnsen, Eugene},
year = {1990},
month = {01},
pages = {193-206},
title = {Social Influence and Opinions},
volume = {15},
journal = {Journal of Mathematical Sociology - J MATH SOCIOL},
}
 @article{ggggg,
    title = {ergm: A Package to Fit, Simulate and Diagnose
      Exponential-Family Models for Networks},
    author = {David R. Hunter and Mark S. Handcock and Carter T. Butts
      and Steven M. Goodreau and Martina Morris},
    journal = {Journal of Statistical Software},
    year = {2008},
    volume = {24},
    number = {3},
    pages = {1--29},
  }

 @Manual{,
    author = {Mark S. Handcock and David R. Hunter and Carter T. Butts
      and Steven M. Goodreau and Pavel N. Krivitsky and Martina
      Morris},
    title = {ergm: Fit, Simulate and Diagnose Exponential-Family Models
      for Networks},
    organization = {The Statnet Project (\url{https://statnet.org})},
    year = {2022},
    note = {R package version 4.3.2},
    url = {https://CRAN.R-project.org/package=ergm},
  }

  @article{hoff2002latent,
  title={Latent space approaches to social network analysis},
  author={Hoff, Peter D and Raftery, Adrian E and Handcock, Mark S},
  journal={Journal of the american Statistical association},
  volume={97},
  number={460},
  pages={1090--1098},
  year={2002},
  publisher={Taylor \& Francis}
}

@software{your-key-here,
  title = {Statnet:  Tools for the Statistical Modeling of Network Data},
  author = {Pavel N. Krivitsky, Mark S. Handcock and Hunter, David R. and Butts, 
    Carter T. and Klumb, Chad and Goodreau, Steven M. and Morris, Martina},
  date = {2003/2022},
  url = {https://statnet.org},
  organization = {Statnet Development Team}
}
@misc{https://doi.org/10.48550/arxiv.1506.08237,
  doi = {10.48550/ARXIV.1506.08237},
  
  url = {https://arxiv.org/abs/1506.08237},
  
  author = {Hoff, Peter D.},
  
  keywords = {Computation (stat.CO), Methodology (stat.ME), FOS: Computer and information sciences, FOS: Computer and information sciences, 62-07, 62F15},
  
  title = {Dyadic data analysis with amen},
  
  publisher = {arXiv},
  
  year = {2015},
  
  copyright = {arXiv.org perpetual, non-exclusive license}
}
@inproceedings{node2vec-kdd2016,
author = {Grover, Aditya and Leskovec, Jure},
 title = {node2vec: Scalable Feature Learning for Networks},
 booktitle = {Proceedings of the 22nd ACM SIGKDD International Conference on Knowledge Discovery and Data Mining},
 year = {2016},
}

